@article{expclustering,
author = {Regev, Oded and Vijayaraghavan, Aravindan},
year = {2017},
month = {10},
pages = {85-96},
title = {On Learning Mixtures of Well-Separated Gaussians},
doi = {10.1109/FOCS.2017.17}
}


@article{Kothari2018RobustME,
  title={Robust moment estimation and improved clustering via sum of squares},
  author={Pravesh Kothari and Jacob Steinhardt and David Steurer},
  journal={Proceedings of the 50th Annual ACM SIGACT Symposium on Theory of Computing},
  year={2018}
}

@inproceedings{HopkinsLi,
author = {Hopkins, Samuel B. and Li, Jerry},
title = {Mixture Models, Robustness, and Sum of Squares Proofs},
year = {2018},
isbn = {9781450355599},
publisher = {Association for Computing Machinery},
address = {New York, NY, USA},
url = {https://doi.org/10.1145/3188745.3188748},
doi = {10.1145/3188745.3188748},
booktitle = {Proceedings of the 50th Annual ACM SIGACT Symposium on Theory of Computing},
pages = {1021â€“1034},
numpages = {14},
location = {Los Angeles, CA, USA},
series = {STOC 2018}
}

@inproceedings{LiuLi, author = {Liu, Allen and Li, Jerry}, title = {Clustering Mixtures with Almost Optimal Separation in Polynomial Time}, year = {2022}, isbn = {9781450392648}, series = {STOC 2022} }


@inproceedings{Fan2009MeshCB,
  title={Mesh clustering by approximating centroidal Voronoi tessellation},
  author={Fengtao Fan and Fuhua Cheng and Conglin Huang and Yong Li and Jianzhong Wang and Shuhua Lai},
  booktitle={Symposium on Solid and Physical Modeling},
  year={2009}
}

@inproceedings{diakonikolas2018list,
  title={List-decodable robust mean estimation and learning mixtures of spherical gaussians},
  author={Diakonikolas, Ilias and Kane, Daniel M and Stewart, Alistair},
  booktitle={Proceedings of the 50th Annual ACM SIGACT Symposium on Theory of Computing},
  pages={1047--1060},
  year={2018}
}
